%%%%%% USED %%%%%%%%
@article{chen2023beyond,
  title={Beyond Surface Statistics: Scene Representations in a Latent Diffusion Model},
  author={Chen, Yida and Vi{\'e}gas, Fernanda and Wattenberg, Martin},
  journal={arXiv preprint arXiv:2306.05720},
  year={2023}
}
@article{tegmark2023spacetime,
  title={Language Models Represent Space and Time},
  author={Gurnee, Wes and Tegmark, Max},
  journal={arXiv preprint arXiv:2310.02207},
  year={2023}
} % MY YT VIDEO ON THIS ONE https://youtu.be/9L9-QPEbhns
@article{varma2023explaining,
  title={Explaining grokking through circuit efficiency},
  author={Varma, Vikrant and Shah, Rohin and Kenton, Zachary and Kram{\'a}r, J{\'a}nos and Kumar, Ramana},
  journal={arXiv preprint arXiv:2309.02390},
  year={2023}
} % MY YT VIDEO ON THIS ONE https://youtu.be/BEnw-yGjHsc
@article{dodig2023computational,
  title={Computational Natural Philosophy: A Thread from Presocratics through Turing to ChatGPT},
  author={Dodig-Crnkovic, Gordana},
  journal={arXiv preprint arXiv:2309.13094},
  year={2023}
} % MY YT VID https://youtu.be/0PWFlTnoXog
@article{olah2020zoom,
  title={Zoom in: An introduction to circuits},
  author={Olah, Chris and Cammarata, Nick and Schubert, Ludwig and Goh, Gabriel and Petrov, Michael and Carter, Shan},
  journal={Distill},
  volume={5},
  number={3},
  pages={e00024--001},
  year={2020}
} % my vid https://youtu.be/qi_2DTsR9QA
@article{elhage2022toy,
  title={Toy models of superposition},
  author={Elhage, Nelson and Hume, Tristan and Olsson, Catherine and Schiefer, Nicholas and Henighan, Tom and Kravec, Shauna and Hatfield-Dodds, Zac and Lasenby, Robert and Drain, Dawn and Chen, Carol and others},
  journal={arXiv preprint arXiv:2209.10652},
  year={2022}
}
@article{mccoy2023embers,
  title={Embers of autoregression: Understanding large language models through the problem they are trained to solve},
  author={McCoy, R Thomas and Yao, Shunyu and Friedman, Dan and Hardy, Matthew and Griffiths, Thomas L},
  journal={arXiv preprint arXiv:2309.13638},
  year={2023}
} % https://youtu.be/Yty64xj0tXg
@article{brown2020language,
  title={Language models are few-shot learners},
  author={Brown, Tom and Mann, Benjamin and Ryder, Nick and Subbiah, Melanie and Kaplan, Jared D and Dhariwal, Prafulla and Neelakantan, Arvind and Shyam, Pranav and Sastry, Girish and Askell, Amanda and others},
  journal={Advances in neural information processing systems},
  volume={33},
  pages={1877--1901},
  year={2020}
} % this paper introduces GPT3
@article{liu2023grokking,
  title={Grokking as Compression: A Nonlinear Complexity Perspective},
  author={Liu, Ziming and Zhong, Ziqian and Tegmark, Max},
  journal={arXiv preprint arXiv:2310.05918},
  year={2023}
}
@article{olsson2022context,
  title={In-context learning and induction heads},
  author={Olsson, Catherine and Elhage, Nelson and Nanda, Neel and Joseph, Nicholas and DasSarma, Nova and Henighan, Tom and Mann, Ben and Askell, Amanda and Bai, Yuntao and Chen, Anna and others},
  journal={arXiv preprint arXiv:2209.11895},
  year={2022}
}
@article{nanda2023progress,
  title={Progress measures for grokking via mechanistic interpretability},
  author={Nanda, Neel and Chan, Lawrence and Liberum, Tom and Smith, Jess and Steinhardt, Jacob},
  journal={arXiv preprint arXiv:2301.05217},
  year={2023}
}
@article{hazineh2023linear,
  title={Linear Latent World Models in Simple Transformers: A Case Study on Othello-GPT},
  author={Hazineh, Dean S and Zhang, Zechen and Chiu, Jeffery},
  journal={arXiv preprint arXiv:2310.07582},
  year={2023}
} 
@article{abdou2021can,
  title={Can language models encode perceptual structure without grounding? a case study in color},
  author={Abdou, Mostafa and Kulmizev, Artur and Hershcovich, Daniel and Frank, Stella and Pavlick, Ellie and S{\o}gaard, Anders},
  journal={arXiv preprint arXiv:2109.06129},
  year={2021}
}
@article{cohn2023evaluation,
  title={An Evaluation of ChatGPT-4's Qualitative Spatial Reasoning Capabilities in RCC-8},
  author={Cohn, Anthony G},
  journal={arXiv preprint arXiv:2309.15577},
  year={2023}
}
@article{shardlow2022deanthropomorphising,
  title={Deanthropomorphising NLP: Can a Language Model Be Conscious?},
  author={Shardlow, Matthew and Przyby{\l}a, Piotr},
  journal={arXiv preprint arXiv:2211.11483},
  year={2022}
}
@misc{millidge2022gg,
    title={Grokking 'grokking'},
    author={Beren Millidge},
    year={2022},
    month={Jan},
    day={11},
    howpublished={\url{https://www.beren.io/2022-01-11-Grokking-Grokking/}}
}
@article{rubin2023droplets,
  title={Droplets of Good Representations: Grokking as a First Order Phase Transition in Two Layer Networks},
  author={Rubin, Noa and Seroussi, Inbar and Ringel, Zohar},
  journal={arXiv preprint arXiv:2310.03789},
  year={2023}
}
@article{power2022grokking,
  title={Grokking: Generalization beyond overfitting on small algorithmic datasets},
  author={Power, Alethea and Burda, Yuri and Edwards, Harri and Babuschkin, Igor and Misra, Vedant},
  journal={arXiv preprint arXiv:2201.02177},
  year={2022}
}
@article{thilak2022slingshot,
  title={The slingshot mechanism: An empirical study of adaptive optimizers and the grokking phenomenon},
  author={Thilak, Vimal and Littwin, Etai and Zhai, Shuangfei and Saremi, Omid and Paiss, Roni and Susskind, Joshua},
  journal={arXiv preprint arXiv:2206.04817},
  year={2022}
}
@article{liu2022towards,
  title={Towards understanding grokking: An effective theory of representation learning},
  author={Liu, Ziming and Kitouni, Ouail and Nolte, Niklas S and Michaud, Eric and Tegmark, Max and Williams, Mike},
  journal={Advances in Neural Information Processing Systems},
  volume={35},
  pages={34651--34663},
  year={2022}
}
@article{butlin2023consciousness,
  title={Consciousness in artificial intelligence: Insights from the science of consciousness},
  author={Butlin, Patrick and Long, Robert and Elmoznino, Eric and Bengio, Yoshua and Birch, Jonathan and Constant, Axel and Deane, George and Fleming, Stephen M and Frith, Chris and Ji, Xu and others},
  journal={arXiv preprint arXiv:2308.08708},
  year={2023}
}
@article{vsevo2023intelligence,
  title={Intelligence as a Measure of Consciousness},
  author={{\v{S}}evo, Igor},
  journal={arXiv preprint arXiv:2309.00646},
  year={2023}
}
@article{berglund2023reversal,
  title={The Reversal Curse: LLMs trained on" A is B" fail to learn" B is A"},
  author={Berglund, Lukas and Tong, Meg and Kaufmann, Max and Balesni, Mikita and Stickland, Asa Cooper and Korbak, Tomasz and Evans, Owain},
  journal={arXiv preprint arXiv:2309.12288},
  year={2023}
}
@article{proudfoot2011anthropomorphism,
  title={Anthropomorphism and AI: Turing ºs much misunderstood imitation game},
  author={Proudfoot, Diane},
  journal={Artificial Intelligence},
  volume={175},
  number={5-6},
  pages={950--957},
  year={2011},
  publisher={Elsevier}
}
@article{salles2020anthropomorphism,
  title={Anthropomorphism in AI},
  author={Salles, Arleen and Evers, Kathinka and Farisco, Michele},
  journal={AJOB neuroscience},
  volume={11},
  number={2},
  pages={88--95},
  year={2020},
  publisher={Taylor \& Francis}
}
@article{deshpande2023anthropomorphization,
  title={Anthropomorphization of AI: Opportunities and Risks},
  author={Deshpande, Ameet and Rajpurohit, Tanmay and Narasimhan, Karthik and Kalyan, Ashwin},
  journal={arXiv preprint arXiv:2305.14784},
  year={2023}
}
@article{hawley2019challenges,
  title={Challenges for an ontology of artificial intelligence},
  author={Hawley, Scott H},
  journal={arXiv preprint arXiv:1903.03171},
  year={2019}
}
@article{mueller2020cognitive,
  title={Cognitive anthropomorphism of AI: How humans and computers classify images},
  author={Mueller, Shane T},
  journal={Ergonomics in Design},
  volume={28},
  number={3},
  pages={12--19},
  year={2020},
  publisher={SAGE Publications Sage CA: Los Angeles, CA}
}
@misc{piloidis2020ethics,
  title={Ethics in Artificial Intelligence: How Relativism is Still Relevant},
  author={Piloidis, Loukas},
  year={2020}
}
@misc{roudavski2016field,
  title={Field creativity and post-anthropocentrism},
  author={Roudavski, Stanislav},
  journal={Digital Creativity},
  volume={27},
  number={1},
  pages={7--23},
  year={2016},
  publisher={Taylor \& Francis}
}
@inproceedings{li2021machinelike,
  title={Machinelike or humanlike? A literature review of anthropomorphism in AI-enabled technology},
  author={Li, Mengjun and Suh, Ayoung},
  booktitle={54th Hawaii International Conference on System Sciences (HICSS 2021)},
  pages={4053--4062},
  year={2021}
}
@article{abercrombie2023mirages,
  title={Mirages: On anthropomorphism in dialogue systems},
  author={Abercrombie, Gavin and Curry, Amanda Cercas and Dinkar, Tanvi and Talat, Zeerak},
  journal={arXiv preprint arXiv:2305.09800},
  year={2023}
}
@article{shanahan2023role,
  title={Role-Play with Large Language Models},
  author={Shanahan, Murray and McDonell, Kyle and Reynolds, Laria},
  journal={arXiv preprint arXiv:2305.16367},
  year={2023}
}
@article{shanahan2022talking,
  title={Talking about large language models},
  author={Shanahan, Murray},
  journal={arXiv preprint arXiv:2212.03551},
  year={2022}
}
@article{west2023generative,
  title={The Generative AI Paradox:" What It Can Create, It May Not Understand"},
  author={West, Peter and Lu, Ximing and Dziri, Nouha and Brahman, Faeze and Li, Linjie and Hwang, Jena D and Jiang, Liwei and Fisher, Jillian and Ravichander, Abhilasha and Chandu, Khyathi and others},
  journal={arXiv preprint arXiv:2311.00059},
  year={2023}
}
@article{watson2019rhetoric,
  title={The rhetoric and reality of anthropomorphism in artificial intelligence},
  author={Watson, David},
  journal={Minds and Machines},
  volume={29},
  number={3},
  pages={417--440},
  year={2019},
  publisher={Springer}
}
@article{walter2022problem,
  title={The problem with AI consciousness: A neurogenetic case against synthetic sentience},
  author={Walter, Yoshija and Zbinden, Lukas},
  journal={arXiv preprint arXiv:2301.05397},
  year={2022}
}
@article{marton2005read,
  title={‚ÄòRead a hundred times and the meaning will appear...‚ÄôChanges in Chinese University students‚Äô views of the temporal structure of learning},
  author={Marton, Ference and Wen, Qiufang and Wong, Kam Cheung},
  journal={Higher Education},
  volume={49},
  pages={291--318},
  year={2005},
  publisher={Springer}
}
@article{grove2012continuum,
  title={A continuum of learning: from rote memorization to meaningful learning in organic chemistry},
  author={Grove, Nathaniel P and Bretz, Stacey Lowery},
  journal={Chemistry Education Research and Practice},
  volume={13},
  number={3},
  pages={201--208},
  year={2012},
  publisher={Royal Society of Chemistry}
}
@article{purdie2002assessing,
  title={Assessing students' conceptions of learning},
  author={Purdie, Nola and Hattie, John},
  journal={Australian Journal of Educational and Developmental Psychology},
  volume={2},
  pages={17--32},
  year={2002},
  publisher={University of Newcastle}
}
@article{hoque2018memorization,
  title={Memorization: a proven method of learning},
  author={Hoque, Enamul},
  journal={International Journal of Applied Research},
  volume={22},
  number={3},
  pages={142--150},
  year={2018}
}
@article{nasrollahi2015memorization,
  title={Memorization Makes Progress.},
  author={Nasrollahi-Mouziraji, Alieh and Nasrollahi-Mouziraji, Atefeh},
  journal={Theory \& Practice in Language Studies},
  volume={5},
  number={4},
  year={2015}
}
@article{brafman2003memorizing,
  title={Memorizing vs understanding},
  author={Brafman, Abraham},
  journal={Psychoanalytic Psychotherapy},
  volume={17},
  number={2},
  pages={119--137},
  year={2003},
  publisher={Taylor \& Francis}
}
@article{hilgard1953rote,
  title={Rote memorization, understanding, and transfer: an extension of Katona's card-trick experiments.},
  author={Hilgard, Ernest R and Irvine, Robert P and Whipple, James E},
  journal={Journal of Experimental Psychology},
  volume={46},
  number={4},
  pages={288},
  year={1953},
  publisher={American Psychological Association}
}
@article{zhang2023grounding,
  title={Grounding Visual Illusions in Language: Do Vision-Language Models Perceive Illusions Like Humans?},
  author={Zhang, Yichi and Pan, Jiayi and Zhou, Yuchen and Pan, Rui and Chai, Joyce},
  journal={arXiv preprint arXiv:2311.00047},
  year={2023}
}
@inproceedings{arpit2017closer,
  title={A closer look at memorization in deep networks},
  author={Arpit, Devansh and Jastrz{\k{e}}bski, Stanis{\l}aw and Ballas, Nicolas and Krueger, David and Bengio, Emmanuel and Kanwal, Maxinder S and Maharaj, Tegan and Fischer, Asja and Courville, Aaron and Bengio, Yoshua and others},
  booktitle={International conference on machine learning},
  pages={233--242},
  year={2017},
  organization={PMLR}
}
@misc{arora2023skills,
    title = {A Theory for Emergence of Complex Skills in Language Models},
    year = {2023},
    month = {Aug},
    day = {15},
    publisher = {Simons Institute},
    author = {Sanjeev Arora},
    howpublished = {\url{https://www.youtube.com/watch?v=0D23NeBjCeQ}},
}
@article{barak2022hidden,
  title={Hidden progress in deep learning: Sgd learns parities near the computational limit},
  author={Barak, Boaz and Edelman, Benjamin and Goel, Surbhi and Kakade, Sham and Malach, Eran and Zhang, Cyril},
  journal={Advances in Neural Information Processing Systems},
  volume={35},
  pages={21750--21764},
  year={2022}
}
@article{elhage2021mathematical,
  title={A mathematical framework for transformer circuits},
  author={Elhage, Nelson and Nanda, Neel and Olsson, Catherine and Henighan, Tom and Joseph, Nicholas and Mann, Ben and Askell, Amanda and Bai, Yuntao and Chen, Anna and Conerly, Tom and others},
  journal={Transformer Circuits Thread},
  volume={1},
  year={2021}
}
@misc{pope2023grok,
    title={Q{APR} 5: grokking is maybe not *that* big a deal?},
    author={Quintin Pope},
    year={2023},
    month={Jul},
    day={23},
    publisher={LessWrong},
    howpublished={\url{https://www.lesswrong.com/posts/GpSzShaaf8po4rcmA/qapr-5-grokking-is-maybe-not-that-big-a-deal}},
}
@article{davies2023unifying,
  title={Unifying Grokking and Double Descent},
  author={Davies, Xander and Langosco, Lauro and Krueger, David},
  journal={arXiv preprint arXiv:2303.06173},
  year={2023}
}
@article{merrill2023tale,
  title={A Tale of Two Circuits: Grokking as Competition of Sparse and Dense Subnetworks},
  author={Merrill, William and Tsilivis, Nikolaos and Shukla, Aman},
  journal={arXiv preprint arXiv:2303.11873},
  year={2023}
}
@article{liu2022omnigrok,
  title={Omnigrok: Grokking beyond algorithmic data},
  author={Liu, Ziming and Michaud, Eric J and Tegmark, Max},
  journal={arXiv preprint arXiv:2210.01117},
  year={2022}
}
@article{murty2023grokking,
  title={Grokking of hierarchical structure in vanilla transformers},
  author={Murty, Shikhar and Sharma, Pratyusha and Andreas, Jacob and Manning, Christopher D},
  journal={arXiv preprint arXiv:2305.18741},
  year={2023}
}
@article{wei2022emergent,
  title={Emergent abilities of large language models},
  author={Wei, Jason and Tay, Yi and Bommasani, Rishi and Raffel, Colin and Zoph, Barret and Borgeaud, Sebastian and Yogatama, Dani and Bosma, Maarten and Zhou, Denny and Metzler, Donald and others},
  journal={arXiv preprint arXiv:2206.07682},
  year={2022}
}
@article{searle1980minds,
  title={Minds, brains, and programs},
  author={Searle, John R},
  journal={Behavioral and brain sciences},
  volume={3},
  number={3},
  pages={417--424},
  year={1980},
  publisher={Cambridge University Press}
}
@article{maleeh2015minds,
  title={Minds, brains and programs: An information-theoretic approach},
  author={Maleeh, Reza},
  journal={Mind and Matter},
  volume={13},
  number={1},
  pages={71--103},
  year={2015},
  publisher={Imprint Academic}
}
@article{norvig2002modern,
  title={A modern approach},
  author={Norvig, P Russel and Intelligence, S Artificial},
  journal={Prentice Hall Upper Saddle River, NJ, USA: Rani, M., Nayak, R., \& Vyas, OP (2015). An ontology-based adaptive personalized e-learning system, assisted by software agents on cloud storage. Knowledge-Based Systems},
  volume={90},
  pages={33--48},
  year={2002}
}
@article{millet2023defending,
  title={Defending humankind: Anthropocentric bias in the appreciation of AI art},
  author={Millet, Kobe and Buehler, Florian and Du, Guanzhong and Kokkoris, Michail D},
  journal={Computers in Human Behavior},
  volume={143},
  pages={107707},
  year={2023},
  publisher={Elsevier}
}
@article{brooke2000wise,
  title={‚ÄòWise men nowadays think otherwise‚Äô: John Ray, natural theology and the meanings of anthropocentrism},
  author={Brooke, John Hedley},
  journal={Notes and Records of the Royal Society of London},
  volume={54},
  number={2},
  pages={199--213},
  year={2000},
  publisher={The Royal Society}
}
@inreference{mw2023grok,
  author    = {Merriam-Webster},
  title     = {Grok},
  booktitle = {Merriam-Webster.com dictionary},
  url       = {https://www.merriam-webster.com/dictionary/grok},
  urldate   = {2023-09-26},
}
@article{kumar2023grokking,
  title={Grokking as the Transition from Lazy to Rich Training Dynamics},
  author={Kumar, Tanishq and Bordelon, Blake and Gershman, Samuel J and Pehlevan, Cengiz},
  journal={arXiv preprint arXiv:2310.06110},
  year={2023}
}
@misc{thomson1917growth,
  title={On growth and form},
  author={Thomson, J Arthur},
  year={1917},
  publisher={Nature Publishing Group UK London}
}
@article{ivanitskiy2023structured,
  title={Structured World Representations in Maze-Solving Transformers},
  author={Ivanitskiy, Michael Igorevich and Spies, Alex F and R{\"a}uker, Tilman and Corlouer, Guillaume and Mathwin, Chris and Quirke, Lucia and Rager, Can and Shah, Rusheb and Valentine, Dan and Behn, Cecilia Diniz and others},
  journal={arXiv preprint arXiv:2312.02566},
  year={2023}
}









%%%%% easier than making the citation myself
@article{tunador2023anthropocentrism,
  title={On When Language Models Understand and The Potential Anthropocentrism of Stochastic Parrot Accusations},
  author={Tunador, Evin and Reeves, Cal},
  journal={arXiv preprint arXiv:1234.56789},
  year={2023}
}

